@article{Zahnle_2020,
  title={Creation and evolution of impact-generated reduced atmospheres of early Earth},
  author={Zahnle, Kevin J and Lupu, Roxana and Catling, David C and Wogan, Nick},
  journal={The Planetary Science Journal},
  volume={1},
  number={1},
  pages={11},
  year={2020},
  publisher={IOP Publishing}
}

@article{Marchi_2014,
  title={Widespread mixing and burial of Earthâ€™s Hadean crust by asteroid impacts},
  author={Marchi, S and Bottke, WF and Elkins-Tanton, LT and Bierhaus, M and Wuennemann, K and Morbidelli, A and Kring, DA},
  journal={Nature},
  volume={511},
  number={7511},
  pages={578--582},
  year={2014},
  publisher={Nature Publishing Group}
}

@article{Morbidelli_2018,
  title={The timeline of the lunar bombardment: Revisited},
  author={Morbidelli, Alessandro and Nesvorny, D and Laurenz, Vera and Marchi, S and Rubie, David C and Elkins-Tanton, Linda and Wieczorek, M and Jacobson, Steven},
  journal={Icarus},
  volume={305},
  pages={262--276},
  year={2018},
  publisher={Elsevier}
}

@article{Cartwright_2022,
  title={Evidence against a Late Heavy Bombardment event on Vesta},
  author={Cartwright, JA and Hodges, KV and Wadhwa, M},
  journal={Earth and Planetary Science Letters},
  volume={590},
  pages={117576},
  year={2022},
  publisher={Elsevier}
}

@article{Hartmann_2019,
  title={History of the terminal cataclysm paradigm: Epistemology of a planetary bombardment that never (?) happened},
  author={Hartmann, William K},
  journal={Geosciences},
  volume={9},
  number={7},
  pages={285},
  year={2019},
  publisher={MDPI}
}

@article{Zellner_2017,
  title={Cataclysm no more: new views on the timing and delivery of lunar impactors},
  author={Zellner, Nicolle EB},
  journal={Origins of Life and Evolution of Biospheres},
  volume={47},
  pages={261--280},
  year={2017},
  publisher={Springer}
}

@article{Day_2015,
  title={Highly siderophile element depletion in the Moon},
  author={Day, James MD and Walker, Richard J},
  journal={Earth and Planetary Science Letters},
  volume={423},
  pages={114--124},
  year={2015},
  publisher={Elsevier}
}

@article{Marchi_2018,
  title={Heterogeneous delivery of silicate and metal to the Earth by large planetesimals},
  author={Marchi, S and Canup, RM and Walker, RJ},
  journal={Nature geoscience},
  volume={11},
  number={1},
  pages={77--81},
  year={2018},
  publisher={Nature Publishing Group UK London}
}

@misc{Park_2023,
 author = {Park, Ryan and Chamberlin, Alan},
 title = {JPL Small-Body Close-Approach Database},
 url = {https://ssd-api.jpl.nasa.gov/doc/cad.html},
 year = {2023}
}